%% LaTeX2e file `ijsra.bib'
%% generated by the `filecontents' environment
%% from source `ijsra' on 2016/07/05.
%%
@Article{Bossert-ijsra,
  author    = {Lukas C. Bossert},
  title     = {›ijsra‹ -- bib\LaTeX-style which is used for the \emph{International Journal of Student Research in Archaeology}},
  subtitle  = {Version: 0.1},
  url       = {http://www.ctan.org/pkg/biblatex-ijsra},
  keywords  = {latex},
  note      = {https://github.com/LukasCBossert/biblatex-ijsra},
  owner     = {Lukas C. Bossert},
  timestamp = {2016-07-04},
}


