%% LaTeX2e file `ijsra-test-1.bib'
%% generated by the `filecontents' environment
%% from source `ijsra-main' on 2016/07/05.
%%

@thesis{Alexander_1984,
  author = {Alexander, G. J.},
  school = {University of Natal, Pietermaritzburg},
  year   = {1984},
  title  = {A preliminary investigation into the relationships between geology, soils and vegetation in the eastern Tuli Block, Botswana},
  pubstate   = {Unpublished},
}

@Book{Deacon_1984a,
  author    = {Deacon, J.},
  title     = {The Later Stone Age of Southernmost Africa},
  publisher = {British Archaeological Reports},
  location  = {Oxford},
  year      = {1984},
  volume    = {213},
  series    = {BAR International Series},
}

@Inbook{Reid_1998,
  author    = {Reid, A. and Sadr, K. and Hanson-James, N.},
  title     = {Ditswa mmung: the archaeology of Botswana},
  year      = {1998},
  editor    = {Lane, P. and Reid, A. and Segobye, A.},
  publisher = {Pula Press and the Botswana Society},
  chapter   = {Herding traditions},
  note      = {81-100},
  location  = {Gaborone},
}


@ARTICLE {Schoeman_2006,

author  = "Schoeman, M. H.",

title   = "Imagining rain-places: rain-control and changing ritual landscapes in the Shashe-Limpopo confluence area, South Africa",

journal = "South African Archaeological Bulletin",

year    = "2006",

volume  = "61",

pages   = "152-165"

}

@PhdThesis{vanDoornum_2005,
  author = {Van Doornum, B.},
  title  = {Changing places, spaces and identity in the Shashe-Limpopo region of Limpopo Province, South Africa},
  year   = {2005},
  type   = {Unpublished},
  school = {University of the Witwatersrand, Johanesburg},
}

@Article{vanDoornum_2007,
  author  = {Van Doornum, B.},
  title   = {Tshisiku Shelter and the Shashe-Limpopo confluence area hunter-gatherer sequence},
  volume  = {19},
  pages   = {17-67},
  year    = {2007},
  journal = {Southern African Humanities},
}

@Article{vanDoornum_2008,
  author  = {Van Doornum, B.},
  title   = {Sheltered from change: hunter-gatherer occupation of Balerno Main Shelter, Shashe-Limpopo confluence area, South Africa},
  volume  = {20},
  pages   = {249-284},
  year    = {2008},
  journal = {Southern African Humanities},
}

@Article{vanDoornum_2014,
  author  = {Van Doornum, B.},
  title   = {Balerno Shelter 3: A Later Stone Age site in the Shashe-Limpopo confluence area, South Africa},
  volume  = {29},
  pages   = {129-155},
  year    = {2014},
  journal = {Southern African Humanities},
}


@ARTICLE {Walker_1994,

author  = "Walker, N.",

title   = "The Late Stone Age of Botswana: some recent excavations",

journal = "Botswana Notes and Records",

year    = "1994",

volume  = "26",

pages   = "1-35"

}


@ARTICLE {Wood_2011,

author  = "Wood, M.",

title   = "A glass bead sequence for southern Africa from the 8th to the 16th century AD",

journal = "Journal of African Archaeology",

year    = "2011",

volume  = "9",

pages   = "67-84"
}

